<?xml version="1.0" encoding="UTF-8"?>
<record xmlns="http://www.loc.gov/MARC21/slim" xmlns:xsi="http://www.w3.org/2001/XMLSchema-instance" xsi:schemaLocation="http://www.loc.gov/MARC21/slim http://www.loc.gov/standards/marcxml/schema/MARC21slim.xsd">
<leader>     nam a2200349 i 4500</leader>
<controlfield tag="001">001578785</controlfield>
<controlfield tag="003">NNU</controlfield>
<controlfield tag="005">20061010173128.0</controlfield>
<controlfield tag="008">991220s1955    sy fh    b    001 0dara</controlfield>
<datafield tag="010" ind1=" " ind2=" ">
<subfield code="a">75972780 /NE</subfield>
</datafield>
<datafield tag="035" ind1="9" ind2=" ">
<subfield code="a">NYUb12084311</subfield>
</datafield>
<datafield tag="035" ind1=" " ind2=" ">
<subfield code="a">(CStRLIN)NYUG99-B3118</subfield>
</datafield>
<datafield tag="040" ind1=" " ind2=" ">
<subfield code="a">DLC</subfield>
<subfield code="c">TxU</subfield>
<subfield code="d">TxU</subfield>
<subfield code="d">*m/c*</subfield>
<subfield code="d">CU</subfield>
<subfield code="d">CStRLIN</subfield>
<subfield code="d">NNU</subfield>
</datafield>
<datafield tag="050" ind1=" " ind2=" ">
<subfield code="a">DS99.D3</subfield>
<subfield code="b">S23</subfield>
</datafield>
<datafield tag="066" ind1=" " ind2=" ">
<subfield code="c">(3</subfield>
</datafield>
<datafield tag="090" ind1=" " ind2=" ">
<subfield code="a">DS94.97.A2</subfield>
<subfield code="b">S3</subfield>
</datafield>
<datafield tag="100" ind1="1" ind2=" ">
<subfield code="6">880-01</subfield>
<subfield code="a">Ṣafadī, Khalīl ibn Aybak,</subfield>
<subfield code="d">ca. 1297-1363.</subfield>
</datafield>
<datafield tag="245" ind1="1" ind2="0">
<subfield code="6">880-02</subfield>
<subfield code="a">Umarāʼ Dimashq fī al-Islām :</subfield>
<subfield code="b">wa-huwa yataḍamman dhikr man waliyá imra Dimashq fī al-Islām aw dakhalahā min al-khulafāʼ murattabīn ʻalá ḥurūf al-muʻjam, wa-urjūzat Tuḥfat dhawī al-albāb fī man ḥakima bi-Dimashq min al-khulafāʼ wa-al-mulūk wa-al-nuwwāb /</subfield>
<subfield code="c">taʼlīf Ṣalāḥ al-Dīn al-Ṣafadī ; taḥqīq Ṣalāḥ al-Dīn al-Munajjid.</subfield>
</datafield>
<datafield tag="260" ind1=" " ind2=" ">
<subfield code="6">880-03</subfield>
<subfield code="a">Dimashq :</subfield>
<subfield code="b">al-Majmaʻ al-ʻIlmī al-ʻArabī,</subfield>
<subfield code="c">1955.</subfield>
</datafield>
<datafield tag="300" ind1=" " ind2=" ">
<subfield code="a">15, 221 p., [3] leaves of plates :</subfield>
<subfield code="b">facsims. ;</subfield>
<subfield code="c">25 cm.</subfield>
</datafield>
<datafield tag="490" ind1="1" ind2=" ">
<subfield code="6">880-04</subfield>
<subfield code="a">Maṭbūʻāt al-Majmaʻ al-ʻIlmī al-ʻArabī bi-Dimashq</subfield>
</datafield>
<datafield tag="504" ind1=" " ind2=" ">
<subfield code="a">Includes bibliographical references and index.</subfield>
</datafield>
<datafield tag="651" ind1=" " ind2="0">
<subfield code="a">Damascus (Syria)</subfield>
<subfield code="x">Officials and employees</subfield>
<subfield code="v">Biography.</subfield>
</datafield>
<datafield tag="651" ind1=" " ind2="0">
<subfield code="a">Syria</subfield>
<subfield code="x">Kings and rulers.</subfield>
</datafield>
<datafield tag="700" ind1="1" ind2=" ">
<subfield code="6">880-05</subfield>
<subfield code="a">Munajjid, Ṣalāḥ al-Dīn.</subfield>
</datafield>
<datafield tag="880" ind1="1" ind2=" ">
<subfield code="6">100-01/</subfield>
<subfield code="a">صفدي، خليل بن ايبك.</subfield>
</datafield>
<datafield tag="880" ind1="1" ind2="0">
<subfield code="6">245-02/</subfield>
<subfield code="a">أمراء دمشق في الاسلام :</subfield>
<subfield code="b">وهو يتضمن ذكر من وليا امر دمشق في الاسلام او دخلها من خلفاء مرتبين على حروف المعجم، وارجوزة تحفة ذوى الالباب في من حكم بدمشق من خلفاء والملوك والمواب /</subfield>
<subfield code="c">تأليف صلاح الدين الصفدي ؛ تحقيق صلاح الدين المنجد.</subfield>
</datafield>
<datafield tag="880" ind1=" " ind2=" ">
<subfield code="6">260-03/</subfield>
<subfield code="a">دمشق :</subfield>
<subfield code="b">المجمع العلمي العربي،</subfield>
<subfield code="c">١٩٥٥.</subfield>
</datafield>
<datafield tag="880" ind1="1" ind2=" ">
<subfield code="6">490-04/</subfield>
<subfield code="a">مطبوعات المجمع العلمي العربي بدمشق</subfield>
</datafield>
<datafield tag="880" ind1="1" ind2=" ">
<subfield code="6">700-05/</subfield>
<subfield code="a">منجد، صلاح الدين.</subfield>
</datafield>
<datafield tag="830" ind1=" " ind2="0">
<subfield code="6">880-06</subfield>
<subfield code="a">Maṭbūʻāt al-Majmaʻ al-ʻIlmī al-ʻArabī bi-Dimashq.</subfield>
</datafield>
<datafield tag="880" ind1=" " ind2="0">
<subfield code="6">830-06/</subfield>
<subfield code="a">مطبوعات المجمع العلمي العربي بدمشق</subfield>
</datafield>
<datafield tag="OWN" ind1=" " ind2=" ">
<subfield code="a">GENERAL</subfield>
</datafield>
<datafield tag="998" ind1=" " ind2=" ">
<subfield code="a">19991220</subfield>
<subfield code="d">19991220</subfield>
<subfield code="d">20011008</subfield>
<subfield code="n">NNU</subfield>
<subfield code="s">1</subfield>
<subfield code="t">c</subfield>
<subfield code="z">e</subfield>
</datafield>
<datafield tag="AVA" ind1=" " ind2=" ">
<subfield code="a">NYU50</subfield>
<subfield code="b">BOBST</subfield>
<subfield code="c">Main Collection</subfield>
<subfield code="d">DS94.97.A2 S3</subfield>
<subfield code="e">unavailable</subfield>
<subfield code="t">Unavailable</subfield>
<subfield code="f">1</subfield>
<subfield code="g">1</subfield>
<subfield code="h">N</subfield>
<subfield code="i">0</subfield>
<subfield code="j">MAIN</subfield>
<subfield code="k">0</subfield>
</datafield>
</record>
